<record><leader>00000cas a22000007a 4500</leader><controlfield tag="001">12877081</controlfield><controlfield tag="008">851206d1853185upauwr ne      0    0eng d</controlfield><datafield ind1=" " ind2=" " tag="010"><subfield code="a">sn 86081829 </subfield></datafield><datafield ind1=" " ind2=" " tag="040"><subfield code="a">NPH</subfield><subfield code="b">eng</subfield><subfield code="c">NPH</subfield><subfield code="d">NPX</subfield><subfield code="d">NPH</subfield><subfield code="d">OCLCQ</subfield></datafield><datafield ind1=" " ind2=" " tag="042"><subfield code="a">msc</subfield></datafield><datafield ind1="0" ind2="0" tag="245"><subfield code="a">Central engine.</subfield></datafield><datafield ind1=" " ind2=" " tag="260"><subfield code="a">Middletown, Pa. :</subfield><subfield code="b">H.S. Fisher</subfield></datafield><datafield ind1=" " ind2=" " tag="300"><subfield code="a">v. ;</subfield><subfield code="c">62 cm.</subfield></datafield><datafield ind1=" " ind2=" " tag="310"><subfield code="a">Weekly</subfield></datafield><datafield ind1="1" ind2=" " tag="362"><subfield code="a">Began in June 1853?</subfield><subfield code="z">Cf. Rossell, G. Pa. newspapers.</subfield></datafield><datafield ind1=" " ind2=" " tag="580"><subfield code="a">Absorbed by: Swatara gem and Middletown &amp; Portsmouth advertiser. Cf. Hutchinson, C.H. Chronicles of Middletown.</subfield></datafield><datafield ind1=" " ind2=" " tag="588"><subfield code="a">Description based on: Vol. 1, no. 17 (Oct. 27, 1853).</subfield></datafield><datafield ind1=" " ind2=" " tag="752"><subfield code="a">United States</subfield><subfield code="b">Pennsylvania</subfield><subfield code="c">Dauphin</subfield><subfield code="d">Middletown.</subfield></datafield><datafield ind1="1" ind2="4" tag="785"><subfield code="t">Swatara gem and Middletown &amp; Portsmouth advertiser</subfield><subfield code="w">(DLC)sn 86081489</subfield></datafield><datafield ind1="1" ind2=" " tag="029"><subfield code="a">AU@</subfield><subfield code="b">000025817882</subfield></datafield></record>